@FOOTNOTE{Note1,key="Note1",note="This indicate the ($a$, $a$)$\rightarrow $($a$, $v$) and ($a$, $a$)$\rightarrow $($v$, $v$) configurations where $a$ and $v$ represent the active and virtual MOs."}
@CONTROL{REVTEX41Control}
@CONTROL{aip41Control,pages="0",title=""}
